@article{Li2017,
author = {Li, Angang and Aubeneau, Antoine F. and Bolster, Diogo and Tank, Jennifer L. and Packman, Aaron I.},
doi = {10.1002/2016WR019949},
issn = {19447973},
journal = {Water Resources Research},
number = {8},
pages = {6927--6944},
title = {{Covariation in patterns of turbulence-driven hyporheic flow and denitrification enhances reach-scale nitrogen removal}},
volume = {53},
year = {2017}
}

@article{Packman2000,
author = {Packman, A. I. and Brooks, Norman H. and Morgan, James J.},
doi = {10.1029/2000WR900059},
issn = {0043-1397},
journal = {Water Resources Research},
number = {8},
pages = {2351},
title = {{A physicochemical model for colloid exchange between a stream and a sand streambed with bed forms}},
volume = {36},
year = {2000}
}

@article{Fox2018,
author = {Fox, Aryeh and Packman, Aaron I and Boano, Fulvio and Phillips, Colin B. and Arnon, Shai},
doi = {10.1029/2018GL077951},
issn = {19448007},
journal = {Geophysical Research Letters},
number = {9},
pages = {4077--4085},
title = {{Interactions Between Suspended Kaolinite Deposition and Hyporheic Exchange Flux Under Losing and Gaining Flow Conditions}},
volume = {45},
year = {2018}
}

@article{Elliott1997,
author = {Elliott, Alexander H. and Brooks, Norman H.},
doi = {10.1029/96WR02784},
issn = {00431397},
journal = {Water Resources Research},
month = {jan},
number = {1},
pages = {123--136},
title = {{Transfer of nonsorbing solutes to a streambed with bed forms: Theory}},
volume = {33},
year = {1997}
}

@article{Elliott1997b,
author = {Elliott, Alexander H. and Brooks, Norman H.},
doi = {10.1029/96WR02783},
issn = {00431397},
journal = {Water Resources Research},
mendeley-groups = {Thesis Research},
month = {jan},
number = {1},
pages = {137--151},
title = {{Transfer of nonsorbing solutes to a streambed with bed forms: Laboratory experiments}},
volume = {33},
year = {1997}
}

@article{Fox2014,
author = {Fox, A. and Boano, F. and Arnon, S.},
doi = {10.1002/2013WR014668},
issn = {00431397},
journal = {Water Resources Research},
month = {mar},
number = {3},
pages = {1895--1907},
title = {{Impact of losing and gaining streamflow conditions on hyporheic exchange fluxes induced by dune-shaped bed forms}},
volume = {50},
year = {2014}
}

@book{Domenico1998,
archivePrefix = {arXiv},
arxivId = {1512.00567},
author = {Domenico, Patrick and Schwartz, Franklin W},
doi = {GB1003.2.D66},
eprint = {1512.00567},
isbn = {0471597627},
issn = {09226389},
journal = {Ground Water},
pmid = {4835438},
title = {{Physical and Chemical Hydrogeology}},
year = {1998}
}

@techreport{Prickett1981,
author = {Prickett, T. a and Naymik, T. G and Lonnquist, C. G},
booktitle = {Rep I 11},
pages = {108},
title = {{A "Random-Walk" Solute Transport Model for Selected Groundwater Quality Evaluations}},
volume = {65},
year = {1981}
}

@article{Kinzelbach1988,
author = {Kinzelbach, W.},
doi = {10.1007/978-94-009-2889-3},
isbn = {978-94-010-7801-6},
journal = {Groundwater Flow and Quality Modelling},
number = {1},
pages = {227--245},
title = {{The Random Walk Method in Pollutant Transport Simulation}},
year = {1988}
}

@article{Vanoni1974,
Author = {Vanoni, Vito A.},
Journal = {ASCE J Hydraul Div},
Number = {HY3},
Pages = {363-377},
Title = {FACTORS DETERMINING BED FORMS OF ALLUVIAL STREAMS.},
Volume = {100},
year = {1974}
}

@misc{Packman1997,
author = {Packman, Aaron I. and Brooks, Norman H. and Morgan, James J.},
booktitle = {Water, Air, and Soil Pollution},
doi = {10.1023/A:1018380231521},
isbn = {9401063397},
issn = {00496979},
number = {1-4},
pages = {113--122},
title = {{Experimental techniques for laboratory investigation of clay colloid transport and filtration in a stream with a sand bed}},
volume = {99},
year = {1997}
}

@article{Xue2017,
author = {Xue, Pengfei and Schwab, David J and Sawtell, Reid W and Sayers, Michael J and Shuchman, Robert A and Fahnenstiel, Gary L},
doi = {10.1016/j.jglr.2017.03.012},
issn = {0380-1330},
journal = {Journal of Great Lakes Research},
number = {3},
pages = {1-13},
publisher = {International Association for Great Lakes Research.},
title = {{A particle-tracking technique for spatial and temporal interpolation of satellite images applied to Lake Superior chlorophyll measurements}},
volume = {43},
year = {2017}
}

@article{Roche2018,
author = {Roche, K. R. and Blois, G. and Best, J. L. and Christensen, K. and Aubeneau, A. F. and Packman, A. I.},
doi = {10.1029/2017WR021992},
issn = {00431397},
journal = {Water Resources Research},
pages = {1-18},
title = {{Turbulence Links Momentum and Solute Exchange in Coarse-Grained Streambeds}},
year = {2018}
}

@Article{Blois2012,
author="Blois, G. and Sambrook Smith, G. H. and Best, J. L. and Hardy, R. J. and Lead, J. R.",
title="Quantifying the dynamics of flow within a permeable bed using time-resolved endoscopic particle imaging velocimetry (EPIV)",
journal="Experiments in Fluids",
year="2012",
month="Jul",
day="01",
volume="53",
number="1",
pages="51--76",
issn="1432-1114",
doi="10.1007/s00348-011-1198-8"
}

@article{Packman2000a,
author = {Packman, Aaron I. and Bencala, Kenneth E.},
doi = {10.1016/B978-012389845-6/50003-X},
isbn = {9780123898456},
journal = {Streams and Ground Waters},
month = {jan},
pages = {45-80},
publisher = {Academic Press},
title = {{Modeling Surface–Subsurface Hydrological Interactions}},
year = {2000}
}

@article{Noetinger2016,
author = {Noetinger, Benoit and Roubinet, Delphine and Russian, Anna and Le Borgne, Tanguy and Frederick, Borgne and Marco, Delay and Gouze, Jean-raynald De Dreuzy Philippe},
doi = {10.1007/s11242-016-0693-z},
issn = {1573-1634},
journal = {Transport in Porous Media},
number = {2},
pages = {345--385},
publisher = {Springer Netherlands},
title = {{Random Walk Methods for Modeling Hydrodynamic Transport in Porous and Fractured Media from Pore to Reservoir Scale}},
volume = {115},
year = {2016}
}

@article{Delay2005,
author = {Delay, Fr{\'{e}}d{\'{e}}rick and Ackerer, Philippe and Danquigny, Charles},
doi = {10.2136/vzj2004.0125},
isbn = {1539-1663},
issn = {1539-1663},
journal = {Vadose Zone Journal},
number = {2},
pages = {360},
title = {{Simulating Solute Transport in Porous or Fractured Formations Using Random Walk Particle Tracking}},
volume = {4},
year = {2005}
}

@book{Clark2009,
Author = {Clark, Mark M.},
ISBN = {9780470260722},
Publisher = {New Jersey : Wiley, 2009.},
Series = {Environmental science and technology},
Title = {Transport modeling for environmental engineers and scientists.},
Year = {2009},
}

@article{Dentz2011,
author = {Dentz, Marco and {Le Borgne}, Tanguy and Englert, Andreas and Bijeljic, Branko},
doi = {10.1016/j.jconhyd.2010.05.002},
issn = {01697722},
journal = {Journal of Contaminant Hydrology},
keywords = {Dispersion,Heterogeneity,Mixing,Reactive transport,Upscaling},
month = {mar},
pages = {1--17},
title = {{Mixing, spreading and reaction in heterogeneous media: A brief review}},
volume = {120-121},
year = {2011}
}

@book{Tropea2007,
address = {Berlin, Heidelberg},
doi = {10.1007/978-3-540-30299-5},
editor = {Tropea, Cameron and Yarin, Alexander L. and Foss, John F.},
isbn = {978-3-540-25141-5},
publisher = {Springer Berlin Heidelberg},
title = {{Springer Handbook of Experimental Fluid Mechanics}},
year = {2007}
}


@misc{NationalCenterforBiotechnologyInformation,
author = {{National Center for Biotechnology Information}},
title = {{Kaolinite CID=56841936, PubChem Compound Database}},
url = {https://pubchem.ncbi.nlm.nih.gov/compound/56841936},
urldate = {Dec 3, 2018}
}

@book{Cengel2006,
Author = {Cengel, Yunus A. and Cimbala, John M.},
ISBN = {9701056124},
Publisher = {México, D.F. : McGraw-Hill Interamericana, 2006.},
Title = {Mecánica de fluidos : fundamentos y aplicaciones.},
Year = {2006},
}

@article{Wohl2015,
author = {Wohl, Ellen},
doi = {10.1016/j.earscirev.2015.05.001},
isbn = {ISSN 0012-8252},
issn = {00128252},
journal = {Earth-Science Reviews},
keywords = {Agriculture,Beavers,Contaminants,Dams,Instream wood,Legacy sediment},
pages = {30--53},
pmid = {18336861},
publisher = {Elsevier B.V.},
title = {{Legacy effects on sediments in river corridors}},
volume = {147},
year = {2015}
}
